<record><leader>00000cas a2200000 i 4500</leader><controlfield tag="001">880623547</controlfield><controlfield tag="006">m     o  d        </controlfield><controlfield tag="007">cr |||||||||||</controlfield><controlfield tag="008">140528d18441994ohuwr neo     0   a0eng  </controlfield><datafield ind1=" " ind2=" " tag="010"><subfield code="a">  2014218376</subfield></datafield><datafield ind1=" " ind2=" " tag="040"><subfield code="a">DLC</subfield><subfield code="b">eng</subfield><subfield code="e">rda</subfield><subfield code="c">DLC</subfield><subfield code="d">OCLCF</subfield></datafield><datafield ind1="0" ind2=" " tag="022"><subfield code="a">2373-2199</subfield><subfield code="2">1</subfield></datafield><datafield ind1=" " ind2=" " tag="042"><subfield code="a">pcc</subfield><subfield code="a">nsdp</subfield></datafield><datafield ind1=" " ind2=" " tag="043"><subfield code="a">n-us-oh</subfield></datafield><datafield ind1="1" ind2="0" tag="050"><subfield code="a">ISSN RECORD</subfield></datafield><datafield ind1="0" ind2="0" tag="082"><subfield code="a">071</subfield><subfield code="2">23</subfield></datafield><datafield ind1="0" ind2=" " tag="130"><subfield code="a">Spirit of democracy (Woodsfield, Ohio : 1844 : Online)</subfield></datafield><datafield ind1=" " ind2="4" tag="222"><subfield code="a">The spirit of democracy</subfield><subfield code="b">(Woodsfield, Ohio. 1844. Online)</subfield></datafield><datafield ind1="1" ind2="4" tag="245"><subfield code="a">The spirit of democracy.</subfield></datafield><datafield ind1=" " ind2="1" tag="264"><subfield code="a">Woodsfield, Ohio :</subfield><subfield code="b">James R. Morris</subfield></datafield><datafield ind1=" " ind2=" " tag="300"><subfield code="a">1 online resource</subfield></datafield><datafield ind1=" " ind2=" " tag="310"><subfield code="a">Weekly,</subfield><subfield code="b">Dec. 16, 1980-</subfield></datafield><datafield ind1=" " ind2=" " tag="321"><subfield code="a">Weekly,</subfield><subfield code="b">Mar. 1, 1844-Sept. 21, 1979</subfield></datafield><datafield ind1=" " ind2=" " tag="321"><subfield code="a">Semiweekly,</subfield><subfield code="b">Sept. 24, 1979-Dec. 12, 1980</subfield></datafield><datafield ind1=" " ind2=" " tag="336"><subfield code="a">text</subfield><subfield code="b">txt</subfield><subfield code="2">rdacontent</subfield></datafield><datafield ind1=" " ind2=" " tag="337"><subfield code="a">computer</subfield><subfield code="b">c</subfield><subfield code="2">rdamedia</subfield></datafield><datafield ind1=" " ind2=" " tag="338"><subfield code="a">online resource</subfield><subfield code="b">cr</subfield><subfield code="2">rdacarrier</subfield></datafield><datafield ind1="1" ind2=" " tag="362"><subfield code="a">Began March 1, 1844; ceased December 19, 1994.</subfield></datafield><datafield ind1=" " ind2=" " tag="500"><subfield code="a">Editor: Jere. Williams, 1870-1881.</subfield></datafield><datafield ind1=" " ind2=" " tag="500"><subfield code="a">Publishers: J.R. Morris, &lt;1844&gt;; Henry R. West, 1868-&lt;February 1886&gt;; Hamilton &amp; Vanlaw &lt;September 8-December 28, 1886&gt;.</subfield></datafield><datafield ind1=" " ind2=" " tag="500"><subfield code="a">Democratic. Cf. Gutgesell, S. Guide to Ohio newspapers, 1974.</subfield></datafield><datafield ind1=" " ind2=" " tag="580"><subfield code="a">Advertising edition: Sentinel (Woodsfield, Ohio : 1976), 1976-1981; Sentinel paper, 1981-</subfield></datafield><datafield ind1=" " ind2=" " tag="580"><subfield code="a">Absorbed: Monroe gazette, Apr. 1911; Sentinel (Woodsfield, Ohio : 1906), Feb. 18, 1926; Monroe County Democrat (Woodsfield, Ohio : 1937), 19uu; Monroe County Republican (Woodsfield, Ohio), Sept. 27, 1956.</subfield></datafield><datafield ind1=" " ind2=" " tag="588"><subfield code="a">Description based on: Vol. I, number 2 (March 8, 1844); title from masthead (Chroniclingamerica.loc.gov, viewed May 28, 2014).</subfield></datafield><datafield ind1=" " ind2=" " tag="588"><subfield code="a">Latest issue consulted: Volume 43, number 47 (December 28, 1886) (Chroniclingamerica.loc.gov, viewed May 28, 2014).</subfield></datafield><datafield ind1=" " ind2="0" tag="651"><subfield code="a">Woodsfield (Ohio)</subfield><subfield code="v">Newspapers.</subfield></datafield><datafield ind1=" " ind2="7" tag="655"><subfield code="a">Newspapers.</subfield><subfield code="2">fast</subfield><subfield code="0">(OCoLC)fst01423814</subfield></datafield><datafield ind1=" " ind2="7" tag="651"><subfield code="a">Ohio</subfield><subfield code="z">Woodsfield.</subfield><subfield code="2">fast</subfield><subfield code="0">(OCoLC)fst01234336</subfield></datafield><datafield ind1=" " ind2=" " tag="752"><subfield code="a">United States</subfield><subfield code="b">Ohio</subfield><subfield code="c">Monroe</subfield><subfield code="d">Woodsfield.</subfield></datafield><datafield ind1="1" ind2=" " tag="775"><subfield code="t">Sentinel (Woodsfield, Ohio : 1976 : Online)</subfield></datafield><datafield ind1="1" ind2=" " tag="775"><subfield code="t">Sentinel paper (Online)</subfield></datafield><datafield ind1="0" ind2="8" tag="776"><subfield code="i">Originally issued in print:</subfield><subfield code="t">Spirit of democracy (Woodsfield, Ohio : 1844)</subfield><subfield code="x">2373-2180</subfield><subfield code="w">(DLC)sn 85038115</subfield><subfield code="w">(OCoLC)11751867</subfield></datafield><datafield ind1="1" ind2="5" tag="780"><subfield code="t">Monroe gazette (Woodsfield, Ohio : Online)</subfield></datafield><datafield ind1="1" ind2="5" tag="780"><subfield code="t">Sentinel (Woodsfield, Ohio : 1906 : Online)</subfield></datafield><datafield ind1="1" ind2="5" tag="780"><subfield code="t">Monroe County Democrat (Woodsfield, Ohio : 1937 : Online)</subfield></datafield><datafield ind1="1" ind2="5" tag="780"><subfield code="t">Monroe County Republican (Woodsfield, Ohio : Online)</subfield></datafield><datafield ind1="4" ind2="0" tag="856"><subfield code="u">http://www.loc.gov/chroniclingamerica/lccn/sn85038115/issues</subfield></datafield></record>